<?xml version="1.0" encoding="UTF-8"?><record xmlns="http://www.loc.gov/MARC21/slim" xmlns:cinclude="http://apache.org/cocoon/include/1.0" xmlns:zs="http://www.loc.gov/zing/srw/">
  <leader>00843cz  a2200157n  4500</leader>
  <controlfield tag="001">no 95016571 </controlfield>
  <controlfield tag="003">DLC</controlfield>
  <controlfield tag="005">20010502071228.0</controlfield>
  <controlfield tag="008">950405n| acannaabn          |a ana     a</controlfield>
  <datafield tag="010" ind1=" " ind2=" ">
    <subfield code="a">no 95016571 </subfield>
  </datafield>
  <datafield tag="035" ind1=" " ind2=" ">
    <subfield code="a">(OCoLC)oca03809200</subfield>
  </datafield>
  <datafield tag="040" ind1=" " ind2=" ">
    <subfield code="a">DNAL</subfield>
    <subfield code="c">DNAL</subfield>
    <subfield code="d">GU</subfield>
  </datafield>
  <datafield tag="110" ind1="2" ind2=" ">
    <subfield code="a">U.S. International Biological Program.</subfield>
    <subfield code="b">Grassland Biome</subfield>
  </datafield>
  <datafield tag="410" ind1="2" ind2=" ">
    <subfield code="a">U.S. International Biological Program.</subfield>
    <subfield code="b">Ecosystem Analysis Studies.</subfield>
    <subfield code="b">Grassland Biome</subfield>
  </datafield>
  <datafield tag="670" ind1=" " ind2=" ">
    <subfield code="a">Abstracts (U.S. International Biological Program. Grassland Biome), 1971:</subfield>
    <subfield code="b">t.p. (U.S. International Biological Program, Grassland Biome)</subfield>
  </datafield>
  <datafield tag="670" ind1=" " ind2=" ">
    <subfield code="a">Technical report (U.S. International Biological Program. Grassland Biome), no. 160, published in 1972:</subfield>
    <subfield code="b">t.p. (Grassland Biome, U.S. International Biological Program) cover (Grassland Biome, Ecosystem Analysis Studies, U.S. International Biological Program)</subfield>
  </datafield>
</record>